4042 5384
424 707 1483 784 m

500 1073 1411 1276 eberone

707 1349 769 1424 ει
812 1353 980 1444 Quts
1022 1357 1214 1454 em,

399 1818 546 1948 CUM
557 1819 741 1908 obreptiones
755 1815 835 1888 otoo
866 1821 911 1888 ola
925 1823 1006 1894 enim
1020 1845 1042 1892 e
1054 1849 1098 1897 one
1106 1841 1224 1918 perone,
1237 1846 1270 1901 ot
1283 1850 1362 1906 rotor
1375 1839 1507 1938 puoosdm

467 1929 548 1974 novoe
567 1906 631 1978 buio
652 1904 806 1993 Anoboseos
857 1907 958 1978 ditioni
978 1911 1169 2062 opungment,
1190 1921 1322 2000 quemvio
1341 1925 1408 1990 altio
1427 1952 1520 1996 mone.

393 2018 460 2062 eoem
473 1993 704 2079 meximestudiis
717 2005 874 2076 occupetur,
894 2015 980 2078 neque
1025 1999 1199 2146 mopbontem
1215 2016 1281 2088 prae
1290 2011 1398 2076 eaeteeis
1408 2013 1508 2102 scrip-

393 2079 501 2145 toribus
521 2076 667 2159 diligenter
685 2080 839 2158 triveram,
861 2077 936 2141 nolui
957 2095 1051 2145 tanton
1092 2084 1178 2152 omini
1189 2088 1223 2149 de
1238 2112 1281 2155 rne
1294 2093 1393 2176 optime
1408 2101 1507 2166 merito

393 2166 542 2254 quicquam
565 2163 711 2246 denegare.
758 2161 858 2247 Itaque
879 2185 941 2247 quae
960 2166 1032 2229 mibi
1053 2167 1130 2232 inter
1148 2169 1291 2254 legendum
1320 2181 1507 2248 memoriane

394 2263 421 2318 te
467 2271 514 2313 ore
517 2246 759 2335 subministravit,
774 2248 964 2313 tumultuarie
977 2266 1061 2336 opero
1076 2254 1107 2316 in
1121 2253 1252 2324 chonon
1264 2261 1376 2344 eoop'eci,
1390 2280 1419 2331 et
1432 2290 1506 2335 nune

393 2265 514 2423 remoror
527 2346 585 2396 tuae
597 2333 716 2422 erpofioi.
761 2329 835 2396 Sunt
841 2335 912 2420 fere
925 2335 1037 2402 minuto
1055 2353 1084 2401 et
1103 2361 1166 2428 quae
1183 2343 1226 2405 od
1236 2347 1388 2422 verborum
1403 2355 1506 2446 eooyii.

392 2417 674 2504 tutionempraecipue
692 2423 823 2504 peitatem
840 2415 1012 2486 Critioorum
1023 2423 1110 2486 etiem
1123 2425 1172 2508 qui
1180 2427 1241 2522 poli
1254 2427 1504 2507 Hutchintonum

384 2504 566 2655 firippmmt,
714 2503 788 2568 iones
805 2505 972 2572 memoravi.
1017 2505 1143 2595 Qodst
1172 2512 1217 2575 uio
1230 2511 1436 2617 Montsoriptis
1455 2549 1503 2590 co.

391 2592 448 2656 tici
465 2612 498 2654 tes
510 2602 539 2654 et
552 2589 695 2653 veteribus
712 2588 842 2676 impreffit
855 2592 941 2675 probe
959 2591 1123 2678 irssrublus,
1131 2535 1266 2700 ssdnlose
1278 2598 1345 2667 huic
1362 2609 1439 2705 operi
1451 2634 1503 2674 ae.

390 2677 498 2758 cingot,
511 2674 599 2761 ousion
609 2675 641 2738 ei
648 2673 774 2759 polliceri
786 2677 960 2740 uberrimam
987 2699 1035 2742 ore
1046 2681 1317 2770 moteriomrmqua
1326 2703 1354 2752 et
1363 2694 1501 2777 industri.

389 2761 527 2848 omstoam
548 2773 575 2824 et
596 2759 739 2842 ingenium
755 2774 892 2825 exerceat.
973 2762 1169 2830 utchinsonus
1188 2769 1263 2836 enim
1290 2795 1377 2839 unum
1389 2777 1502 2864 solum.

392 2848 467 2917 enode
481 2844 555 2912 MS.
572 2867 687 2930 eumque
699 2866 754 2908 non
767 2845 899 2932 optimum
912 2844 1121 2934 babuit,'neque
1133 2864 1220 2916 totum
1230 2858 1303 2940 quod
1308 2881 1345 2922 en
1355 2884 1384 2927 eo
1393 2867 1503 2966 percipi

385 2945 530 3018 potuerat,
543 2928 793 3017 bonumexbaustt3
804 2929 1014 2998 deindeveteres
1024 2935 1287 3022 editimesquaerere
1296 2946 1362 3010 adeo
1369 2950 1502 3033 neglexit,

392 3032 427 3084 ut
440 3016 633 3082 Florentinum
649 3016 774 3101 priorem
788 3037 822 3078 ne
836 3016 945 3080 nomine
953 3018 1063 3100 quidem
1076 3024 1247 3104 eognmoerit.
1276 3025 1346 3094 Non
1356 3051 1504 3115 gravatus

391 3103 480 3190 efflent,
502 3101 606 3166 Lebbor
628 3100 765 3179 benevole,
795 3099 881 3184 hujus
904 3105 1007 3167 varim
1027 3104 1154 3172 lenione
1174 3123 1265 3175 teroem
1285 3121 1502 3204 communicare,

393 3211 465 3272 quos
478 3189 541 3273 ipse,
561 3209 624 3261 eum
638 3183 745 3250 Ononii
758 3209 813 3249 non
827 3187 869 3248 e'to
878 3187 990 3272 pridem
1002 3211 1191 3257 commorarer
1199 3210 1240 3280 pr
1288 3200 1320 3262 io
1334 3224 1423 3266 noenu
1434 3229 1502 3270 eno-

392 3275 458 3336 tavi
471 3299 481 3350 ς
496 3271 548 3356 nist
559 3272 621 3360 casu
635 3271 752 3355 quodam
765 3269 933 3335 collationem
943 3273 1026 3360 ssent
1039 3276 1190 3362 emiſsffem.
1255 3303 1275 3344 n
1283 3285 1428 3367 prioribus
1441 3290 1500 3356 bu.

381 3358 437 3446 jue
449 3357 527 3436 libri,
541 3377 602 3441 qun
615 3356 824 3504 obboveZorma
840 3357 944 3446 excusae
957 3373 1052 3438 erunt,
1069 3361 1243 3444 editionibus,
1257 3367 1366 3458 poffnno
1378 3377 1500 3462 exemplo

388 3443 484 3530 omoffle
507 3455 590 3506 erant
612 3439 709 3504 Adden
755 3467 765 3518 ς
795 3463 858 3524 quae
874 3441 905 3506 in
928 3441 983 3507 boc
1003 3466 1041 3530 qu
1072 3467 1107 3509 ue
1125 3447 1355 3534 desiderarentur,
1377 3457 1432 3546 nist
1450 3485 1500 3546 ego

390 3525 552 3613 Bibliopolae
564 3526 792 3615 aubtmsmffem,
807 3525 884 3590 utin
907 3529 981 3592 edem
990 3530 1043 3613 pri
1065 3529 1143 3596 inem
1156 3534 1380 3622 restituerentur.
1409 3543 1504 3634 Quod

380 3613 548 3700 Jiunquam
564 3612 631 3691 erit,
651 3626 682 3676 ut
695 3633 770 3675 nova
784 3609 868 3694 hujus
891 3613 949 3676 ibri
966 3613 1049 3679 editio
1065 3631 1247 3702 procuretur,
1281 3624 1351 3690 erile
1363 3641 1425 3693 tum
1439 3635 1498 3700 erit

388 3699 514 3764 addenda
530 3697 585 3796 ssa
603 3697 668 3761 bocio
677 3695 744 3786 suis
763 3695 795 3760 in
814 3711 982 3762 coeterorum
1003 3715 1135 3768 notorum
1140 3703 1219 3790 serie
1294 3708 1343 3773 ula
1360 3711 1495 3787 imexere.
1582 3718 1588 3724 ’

388 3782 476 3848 Notae
488 3785 587 3868 quibus
597 3782 682 3846 litera
692 3783 741 3844 W
751 3780 891 3869 adscripta
903 3783 950 3868 ost,
964 3806 1018 3862 non
1028 3785 1109 3866 mibi,
1119 3791 1179 3872 sed
1192 3791 1259 3856 viro
1272 3795 1385 3862 ooo'don
1396 3802 1496 3891 doliis

378 3868 452 3956 semo
471 3869 617 3947 debentur,
637 3867 687 3951 qui
708 3865 818 3932 utinam
839 3865 889 3934 hee
909 3889 986 3934 omno
1005 3871 1070 3954 quie
1087 3871 1141 3938 uid
1156 3876 1196 3960 est
1214 3879 1304 3945 oneris
1313 3881 1373 3966 fibi
1393 3885 1498 3972 imponi

381 3953 477 4044 pissis
491 3953 563 4041 effer.
594 3951 721 4042 Quando
734 3968 829 4024 entem
842 3953 928 4026 obiter
940 3956 1047 4040 evenit,
1059 3895 1105 4027 iio
1118 3971 1151 4027 ut
1163 3960 1241 4044 libet,
1254 3977 1343 4049 utere,
1356 3982 1384 4036 ot
1396 3972 1473 4043 vole.

439 4131 446 4144 ’
488 4173 669 4246 canuongiae

467 4257 503 4302 no
518 4243 594 4318 Aug.
610 4246 692 4316 1786.

1201 4437 1497 4512 ADDE-NDA
