4042 5384
368 815 1485 894 Μ

427 1106 604 1186 NOTAE
623 1103 839 1182 RREVES
863 1103 924 1178 IN
947 1103 1418 1182 XENOPHONTEM.

425 1419 684 1498 UAECUNQUE
698 1418 798 1479 barum
814 1431 946 1480 notarum
960 1421 1057 1481 literar
1070 1421 1104 1483 B.
1117 1422 1155 1481 C.
1170 1420 1338 1504 subscriptas
1352 1423 1473 1499 habent,

360 1429 595 1638 Qdesumptae
608 1497 674 1557 sunt
687 1515 723 1556 ex
734 1497 914 1556 Bibliotheca
924 1497 1035 1557 Critica
1045 1500 1122 1558 Part.
1133 1500 1188 1559 1v.
1201 1521 1229 1579 p.
1238 1507 1288 1578 98.
1302 1502 1381 1580 seqq.
1397 1507 1469 1565 Am-

358 1578 398 1636 lle
408 1574 506 1635 odami
520 1591 596 1633 anno
612 1593 826 1634 rancenxxrx.
849 1574 937 1632 edita.
954 1574 1151 1636 Larcberianae
1163 1578 1311 1648 verflonia,
1330 1581 1410 1670 cojua
1425 1581 1470 1642 ibi

357 1654 470 1716 censura
483 1650 591 1732 agitur,
606 1648 680 1710 milti
694 1651 788 1730 copia,
802 1648 900 1710 sedulo
913 1650 983 1711 lieet
996 1651 1155 1730 expetenti,
1170 1655 1297 1716 nondum
1309 1655 1429 1737 obngit.

810 1803 939 1872 LIB.
983 1804 1012 1872 1.

344 1927 429 2010 rag.
444 1947 474 1988 a.
499 1926 524 1987 l.
545 1943 573 1986 ι.
594 1926 789 2000 ΜιτιιίμςιΊο.
836 1920 947 1982 Mirum
970 1917 1001 1980 in
1024 1923 1143 1983 modurn
1168 1923 1306 2004 genuinae
1330 1924 1465 1988 tectiore·

435 2003 535 2084 palbnn
562 2001 714 2082 negligunt
732 2000 866 2060 editores.
907 2001 1017 2058 Futuro
1036 2015 1114 2058 certe
1134 2002 1335 2078 Xenophontio
1359 2005 1466 2066 editori

433 2096 611 2160 magnopere
631 2079 727 2138 audior
747 2079 819 2146 sum,
842 2091 874 2135 nt
894 2094 930 2135 ex
945 2076 1079 2145 Aristide,
1101 2077 1239 2155 Stephani
1252 2084 1280 2136 aa
1295 2081 1465 2142 Leunclavii

431 2155 575 2235 margine,
591 2155 725 2232 MSSque
738 2154 830 2214 Paria.
848 2155 935 2212 Eton.
950 2170 1047 2212 veram
1060 2153 1214 2213 leblionem
1228 2157 1419 2232 pilaea'peflat
1431 2156 1465 2218 in

428 2247 540 2294 textum
553 2231 684 2310 recipiat.
727 2231 816 2288 Reae
828 2229 916 2289 etiam
930 2247 999 2288 mox
1013 2250 1043 2307 p.
1059 2249 1088 2306 7.
1103 2228 1126 2288 l.
1141 2248 1187 2291 ra.
1198 2255 1251 2292 va
1268 2229 1396 2305 uspiano
1408 2253 1464 2312 pro

431 2306 599 2382 «crispatur
614 2307 743 2396 prebent
756 2306 846 2366 iidem
856 2303 978 2365 Codices
991 2305 1081 2364 Paria.
1092 2308 1180 2367 Eton.
1193 2307 1241 2366 sed
1295 2308 1340 2368 nir
1354 2309 1462 2372 oblatio

430 2385 475 2446 nti
488 2398 540 2445 aut
554 2383 673 2443 nescrrit
687 2398 738 2442 aut
751 2383 847 2445 noluit
861 2380 1094 2443 Hutelninsouoa.
1125 2383 1233 2444 Rursua
1248 2385 1290 2445 11.
1305 2405 1335 2462 p.
1355 2405 1419 2466 ¹5¹·
1434 2388 1459 2450 l.

427 2483 458 2538 4.
480 2481 516 2521 ex
537 2463 604 2520 MS.
623 2460 759 2521 Etonenli
780 2461 940 2536 dormierat
956 2459 1079 2520 libenter
1098 2461 1273 2529 admiserim,
1297 2481 1362 2522 eum
1377 2464 1460 2526 Pari·

428 2539 521 2599 lienlir
535 2538 729 2617 adstipuletur.
769 2536 873 2596 Forsan
893 2535 983 2614 igitur
1002 2537 1213 2597 rescribendum
1228 2539 1283 2596 tv.
1301 2557 1330 2616 p.
1349 2558 1417 2620 ³¹7·
1434 2543 1458 2603 1.

428 2635 458 2694 9.
480 2620 548 2694 3¹⁸·
562 2615 584 2673 l.
604 2633 630 2674 1.
645 2617 696 2692 6ςᾷ
708 2627 738 2673 et
751 2612 1063 2692 uagabafaueloritate
1078 2613 1173 2676 suida
1185 2633 1215 2674 v.
1229 2615 1299 2682 ἴτυς.
1314 2621 1341 2676 dr
1356 2619 1411 2678 Vl.
1425 2639 1456 2702 p.

426 2711 497 2772 444.
512 2692 536 2754 l.
552 2710 580 2771 ς.
594 2694 755 2752 ἰπιτίθιιται
769 2711 805 2752 ex
818 2689 907 2751 Msto
920 2691 1068 2754 Etonenfi·

346 2852 382 2915 P.
393 2867 421 2928 ³·
436 2849 458 2910 l.
473 2868 518 2929 ¹3·
541 2847 639 2929 Magio
657 2847 772 2926 quidem
793 2843 922 2905 Atticam
942 2845 1076 2915 sormam,
1097 2864 1157 2905 non
1171 2857 1266 2906 tamen
1279 2845 1346 2909 ideo
1359 2848 1456 2910 Xeno.

425 2927 594 3006 phonteam,
618 2925 661 2984 alu
681 2924 800 2983 exhibet
817 2922 954 2981 Aristides
972 2924 1009 2982 ab
1029 2921 1232 2982 Hutcbiusono
1251 2923 1281 2983 iu
1303 2926 1456 2988 Addendia

424 3004 567 3064 lauduna.
608 3003 665 3062 Sed
679 3000 780 3060 videor
799 2998 871 3057 milti
891 3000 996 3059 dehac
1015 2997 1077 3078 ipsa
1090 3017 1161 3059 voce
1173 2999 1253 3090 apud
1273 3002 1454 3064 Grammati-

423 3099 489 3141 cum
505 3081 658 3160 antiquum
671 3075 897 3136 observationem
910 3075 1019 3155 legisse,
1045 3076 1119 3136 unde
1135 3075 1286 3137 didicerim
1305 3081 1455 3160 vulgarem

421 3159 545 3218 sormam
559 3154 709 3236 praetulisse
726 3151 960 3230 Xenophontem.
1003 3155 1123 3214 Certum
1142 3165 1240 3213 antem
1258 3155 1297 3214 eli
1314 3172 1344 3216 et
1360 3158 1453 3220 doni·

419 3234 557 3294 omnibna
581 3245 681 3292 notum
701 3229 829 3310 plurima
847 3230 935 3290 verba
953 3248 1031 3299 eunt,
1053 3247 1118 3309 qoae
1135 3235 1211 3290 urard
1230 3248 1335 3292 vocant
1354 3253 1452 3312 gratn-

422 3311 539 3380 matiei,
558 3309 682 3370 libenter
694 3305 845 3386 usurpasse,
859 3305 1028 3386 posthabitia
1042 3306 1090 3385 iia,
1104 3327 1169 3386 quae
1183 3305 1277 3366 Attici
1289 3309 1343 3368 sibi
1354 3309 1452 3370 vindi·

418 3399 531 3448 went·

343 3545 421 3624 29.
435 3541 499 3619 l.9.
531 3543 679 3607 Κολίσσας
701 3541 815 3619 praefert
838 3537 1042 3618 Wesselingint
1065 3538 1101 3597 ad
1128 3537 1269 3601 Herodot.
1287 3539 1374 3604 VIII.
1398 3559 1449 3620 3οι

420 3619 566 3698 quomodo
579 3619 627 3679 edi
639 3619 776 3679 debuerat
788 3636 824 3678 ex
839 3615 934 3678 MStir
948 3618 1035 3676 Eton.
1050 3615 1139 3679 Parit.

342 3777 378 3838 P.
394 3795 438 3837 ro.
455 3774 476 3834 l.
492 3793 525 3866 ς..
540 3773 656 3866 Dignur
676 3773 796 3834 omnino
809 3774 847 3834 est
866 3773 919 3852 qui
937 3770 1113 3833 adscribatur
1132 3770 1350 3852 elegantiffinnua
1367 3773 1448 3834 loona

421 3853 576 3913 Claudiani
589 3873 619 3911 rn
634 3853 754 3930 Eutrop.
767 3852 809 3911 11.
823 3853 889 3930 265.

500 3961 624 4020 Icarium
637 3959 756 4040 pelagus
768 3960 965 4037 Mycalaeaque
979 3955 1064 4016 litora
1073 3956 1162 4034 innoti

497 4037 614 4115 Marsya
629 4037 831 4114 Maeanderque
845 4051 966 4114 petunt;
988 4034 1036 4093 sed
1050 4037 1165 4111 Marsya
1176 4035 1264 4094 velox

497 4115 578 4175 Dum
593 4114 656 4173 suus
670 4113 719 4181 est,
735 4113 868 4190 flexuque
881 4131 990 4182 went,
1001 4113 1064 4188 jam
1078 4112 1196 4172 flumine
1209 4113 1293 4172 misto

496 4189 645 4258 Mollitur,
661 4192 818 4259 Meranda,
834 4204 894 4249 tuo.

417 4311 522 4373 Paullo
535 4324 601 4370 ante
614 4308 736 4379 dixerat,
753 4327 768 4368 a
773 4327 820 4388 57.

496 4417 558 4479 Hic
571 4431 600 4476 et
614 4417 771 4495 Apollinea
784 4418 876 4476 vibius
888 4415 1029 4478 testudine
1042 4415 1134 4494 pallor

496 4493 635 4575 snspeusa
649 4513 785 4556 memores
799 4495 920 4630 illollrpt
934 4495 1010 4576 pelle
1025 4495 1175 4556 Celaenam
1354 4569 1387 4626 P·
1405 4581 1452 4642 η.
